<record><leader>00000cas a22000007a 4500</leader><controlfield tag="001">13416137</controlfield><controlfield tag="008">860410c19859999wvuwr ne      0   a0eng d</controlfield><datafield ind1=" " ind2=" " tag="010"><subfield code="a">sn 86092484 </subfield></datafield><datafield ind1=" " ind2=" " tag="040"><subfield code="a">WVC</subfield><subfield code="b">eng</subfield><subfield code="c">WVC</subfield><subfield code="d">OCL</subfield><subfield code="d">NSD</subfield><subfield code="d">OCLCQ</subfield></datafield><datafield ind1=" " ind2=" " tag="012"><subfield code="m">0</subfield></datafield><datafield ind1="1" ind2=" " tag="022"><subfield code="a">1541-499X</subfield><subfield code="l">1541-499X</subfield><subfield code="2">1</subfield></datafield><datafield ind1=" " ind2=" " tag="042"><subfield code="a">msc</subfield><subfield code="a">nsdp</subfield></datafield><datafield ind1=" " ind2="4" tag="222"><subfield code="a">The Gilbert times</subfield></datafield><datafield ind1="0" ind2="4" tag="245"><subfield code="a">The Gilbert times.</subfield></datafield><datafield ind1=" " ind2=" " tag="260"><subfield code="a">Pineville, W. Va. :</subfield><subfield code="b">Charles R. Cline,</subfield><subfield code="c">1985-</subfield></datafield><datafield ind1=" " ind2=" " tag="300"><subfield code="a">v.</subfield></datafield><datafield ind1=" " ind2=" " tag="310"><subfield code="a">Weekly</subfield></datafield><datafield ind1="1" ind2=" " tag="362"><subfield code="a">Vol. 1, no. 1 (May 16, 1985)-</subfield></datafield><datafield ind1=" " ind2=" " tag="500"><subfield code="a">Editor: Charles R. Cline.</subfield></datafield><datafield ind1=" " ind2=" " tag="588"><subfield code="a">Latest issue consulted: Vol. 17, no. 27 (July 3, 2001) (surrogate).</subfield></datafield><datafield ind1=" " ind2=" " tag="752"><subfield code="a">United States</subfield><subfield code="b">West Virginia</subfield><subfield code="c">Wyoming</subfield><subfield code="d">Pineville.</subfield></datafield><datafield ind1="1" ind2=" " tag="029"><subfield code="a">AU@</subfield><subfield code="b">000024038062</subfield></datafield></record>